<?xml version="1.0" encoding="UTF-8"?><collection><record><leader>06059ntm a2200553 a 4500</leader><controlfield tag="001">005985885</controlfield><controlfield tag="003">MiAaHDL</controlfield><controlfield tag="005">20190719000000.0</controlfield><controlfield tag="006">m        d        </controlfield><controlfield tag="007">cr bn ---auaua</controlfield><controlfield tag="008">090406s14uu    xx            00| ||ara d</controlfield><datafield tag="035" ind1=" " ind2=" "><subfield code="a">(MiU)005985885</subfield></datafield><datafield tag="035" ind1=" " ind2=" "><subfield code="a">sdr-miu005985885</subfield></datafield><datafield tag="040" ind1=" " ind2=" "><subfield code="a">MiU</subfield><subfield code="c">MiU</subfield><subfield code="e">amremm</subfield></datafield><datafield tag="043" ind1=" " ind2=" "><subfield code="a">n-us-mi</subfield></datafield><datafield tag="100" ind1="1" ind2=" "><subfield code="6">880-01</subfield><subfield code="a">Abharī, Sayf al-Dīn,</subfield><subfield code="d">d. 1397?</subfield></datafield><datafield tag="240" ind1="1" ind2="0"><subfield code="6">880-02</subfield><subfield code="a">Ḥāshīyat Sayf al-Dīn ʻalá al-ʻAḍudīyah</subfield></datafield><datafield tag="245" ind1="1" ind2="0"><subfield code="6">880-03</subfield><subfield code="a">Sayf al-Dīn al-Abharī alá ʻAḍud al-Dīn,</subfield><subfield code="f">[15th century?].</subfield></datafield><datafield tag="246" ind1="3" ind2=" "><subfield code="i">Title from inscription on front flyleaf recto:</subfield><subfield code="a">حواشي شرح عضد لمولانا سيف الدين الابهري</subfield></datafield><datafield tag="260" ind1=" " ind2=" "><subfield code="c">[14--?]</subfield></datafield><datafield tag="300" ind1=" " ind2=" "><subfield code="a">104 leaves :</subfield><subfield code="b">paper ;</subfield><subfield code="c">180 x 140 (130 x 95) mm. bound to 180 x 145 mm.</subfield></datafield><datafield tag="500" ind1=" " ind2=" "><subfield code="a">Shelfmark: Ann Arbor, University of Michigan, Special Collections Library, Isl. Ms. 38</subfield></datafield><datafield tag="500" ind1=" " ind2=" "><subfield code="a">Origin: Lacks dated colophon ; paper and hand suggest 15th century. Cover likely contemporary with transcript.</subfield></datafield><datafield tag="500" ind1=" " ind2=" "><subfield code="a">Accompanying materials: Slip of European laid paper with excerpt in black ink (paginated pp.85-86).</subfield></datafield><datafield tag="500" ind1=" " ind2=" "><subfield code="a">Former shelfmark: British Museum, London "No. 18. Commentary on a work on theology by Al-Iji." ; "٣٩٤" on tail-edge of textblock.</subfield></datafield><datafield tag="500" ind1=" " ind2=" "><subfield code="a">Binding: Pasteboards covered in red brown leather ; Type II binding (with flap) ; doublure hinges and interior of envelope flap extending onto lower doublure in red brown leather with block-stamped vegetal pattern ; board linings in paper ; upper and lower covers carry blind-tooled central circular medallion consisting of a series of concentric circles formed with a crescent-shaped stamp, accents in same stampe, and border in s-shaped stamps and scored fillets ; design continues on envelope flap ; sewn in cream thread, four stations ; endbands virtually gone though traces remain ; in fair condition with abrasion, lifting and cracking of spine and fore-edge flap leather, some pest damage, repairs in blue cloth tape, and paper label bookplate pasted over upper cover.</subfield></datafield><datafield tag="500" ind1=" " ind2=" "><subfield code="a">Support: non-European (Arab) laid paper with indistinct laid lines spaced 8 laid lines per cm. (20 laid lines in 25 mm.) ; chain lines grouped in threes running horizontally spaced roughly 10 mm. apart with roughly 43-45 mm. between the groups ; well-burnished with some burnisher's marks visible ; quite smooth ; some undissolved fibers.</subfield></datafield><datafield tag="500" ind1=" " ind2=" "><subfield code="a">Decoration: Text rubricated with keywords, overlining, etc. in red ; occasional textual dividers in the form of red discs or inverted commas.</subfield></datafield><datafield tag="500" ind1=" " ind2=" "><subfield code="a">Script: Naskh ; graceful hand ; sans serif ; mainly closed counters ; kāf mashkūlah preferred ; slight effect of tilt to the right ; some swooping tails ; initial hāʼ looking like two inverted commas.</subfield></datafield><datafield tag="500" ind1=" " ind2=" "><subfield code="a">Layout: Written in 21 lines per page ; frame-ruled.</subfield></datafield><datafield tag="500" ind1=" " ind2=" "><subfield code="a">Collation: ii,13 IV(104), ii ; quire numbering in red ink, Hindu-Arabic numerals, appears on the recto of the first leaf for the second through the sixth quires, thereafter likely cut off ; entirely quaternions ; catchwords present, though occasionally lost to trimming ; pagination in pencil, Western numerals, supplied during digitization (includes insert).</subfield></datafield><datafield tag="500" ind1=" " ind2=" "><subfield code="a">Explicit: "هو الوقت المشروع اولا وبعد الوقت المطنون تضيقه قبل الوقت و اقره اليه اد [؟]"</subfield></datafield><datafield tag="500" ind1=" " ind2=" "><subfield code="a">Incipit: "الحمد لله الذي شرع الاحكام وربطها بدلائل كلية وعلل تفصيلية للاحكام وابار معالم الدين بانوار الكتاب والخير ..."</subfield></datafield><datafield tag="500" ind1=" " ind2=" "><subfield code="a">Title from inscription on front flyleaf verso.</subfield></datafield><datafield tag="500" ind1=" " ind2=" "><subfield code="a">Ms. codex.</subfield></datafield><datafield tag="510" ind1="4" ind2=" "><subfield code="a">Brockelmann, C. GAL,</subfield><subfield code="c">SI 538</subfield></datafield><datafield tag="520" ind1="8" ind2=" "><subfield code="a">Elegant copy of al-Abharī's gloss upon al-Ījī's (d. 756/1355) commentary on Ibn al-Ḥājib's (d. 646/1249) abridgement of his own Muntahá al-suʼl wa-al-amal fī ʻilmay al-uṣūl wa-al-jadal, on uṣūl al-fiqh. Copy ends abruptly and appears incomplete.</subfield></datafield><datafield tag="538" ind1=" " ind2=" "><subfield code="a">Mode of access: Internet.</subfield></datafield><datafield tag="541" ind1=" " ind2=" "><subfield code="c">Purchase ;</subfield><subfield code="a">Acquired by purchase along with Abdul Hamid Collection (funds donated by Horace Rackham).</subfield><subfield code="d">1924.</subfield></datafield><datafield tag="546" ind1=" " ind2=" "><subfield code="a">Arabic.</subfield></datafield><datafield tag="561" ind1=" " ind2=" "><subfield code="a">Bookplate of British Museum, London on upper cover, "British Museum, London. No. 18. Commentary on a work on theology by Al-Iji." ; circular seal impression with figure of goat / gazelle in purple ink as well as inscription "491" in Western numerals on front flyleaf recto ; price on front flyleaf verso ; ownership statement on second of front flyleaves reads "صاحبه ومالكه شمس الدين حسن بن محمد [...؟] عليهم رحمة ..." ; several effaced statements on fol.1a (p.1) along with circular waqf-seal impression in black ink (also appears several other places throughout) reads: "هذا وقف الراجي فيض الصمدي الشيخ احمد ضيا الدين ابن مصطفى الخالدي فمن بدله بعد ما سمعه فانما اثمه على الذين يبدلونه" in name of Aḥmad Ḍiyāʼ al-Dīn ibn Muṣṭafá al-Khālidī (i.e. Ahmed Ziyâüddîn Gümüşhanevî, d. 1893 or 4) ; numerous glosses and marginal corrections throughout ; collation marks "بلغ" appear regularly on the verso of the final leaf of the first several quires, thereafter may simply be cut off.</subfield></datafield><datafield tag="600" ind1="1" ind2="0"><subfield code="a">Ibn al-Ḥājib, ʻUthmān ibn ʻUmar,</subfield><subfield code="d">1175-1249.</subfield><subfield code="t">Mukhtaṣar al-Muntahá.</subfield></datafield><datafield tag="600" ind1="1" ind2="0"><subfield code="a">Ījī, ʻAḍud al-Dīn ʻAbd al-Raḥmān ibn Aḥmad,</subfield><subfield code="d">-1355?</subfield><subfield code="t">ʻAḍudīyah.</subfield></datafield><datafield tag="650" ind1=" " ind2="0"><subfield code="a">Manuscripts, Arabic</subfield><subfield code="z">Michigan</subfield><subfield code="z">Ann Arbor.</subfield></datafield><datafield tag="650" ind1=" " ind2="0"><subfield code="a">Islamic law</subfield><subfield code="x">Interpretation and construction</subfield><subfield code="v">Early works to 1800.</subfield></datafield><datafield tag="773" ind1="0" ind2=" "><subfield code="a">Tiflis Collection.</subfield></datafield><datafield tag="880" ind1="1" ind2="0"><subfield code="6">245-03/</subfield><subfield code="a">سيف الدين الابهري على عضد الدين،</subfield><subfield code="f">[القرن 15م؟].</subfield></datafield><datafield tag="880" ind1="1" ind2="0"><subfield code="6">240-02/</subfield><subfield code="a">حاشية سيف الدين على العضدية</subfield></datafield><datafield tag="880" ind1="1" ind2=" "><subfield code="6">100-01/</subfield><subfield code="a">ابهري، سيف الدين.</subfield></datafield><datafield tag="CID" ind1=" " ind2=" "><subfield code="a">005985885</subfield></datafield><datafield tag="DAT" ind1="0" ind2=" "><subfield code="a">20190719102633.0</subfield><subfield code="b">20190719000000.0</subfield></datafield><datafield tag="DAT" ind1="1" ind2=" "><subfield code="a">20190719090653.0</subfield><subfield code="b">2019-07-19T16:11:09Z</subfield></datafield><datafield tag="DAT" ind1="2" ind2=" "><subfield code="a">2015-10-02T18:00:03Z</subfield></datafield><datafield tag="CAT" ind1=" " ind2=" "><subfield code="a">SDR-MIU</subfield><subfield code="d">EX LIBRIS - ALEPH</subfield><subfield code="l">prepare.pl-004-008</subfield></datafield><datafield tag="FMT" ind1=" " ind2=" "><subfield code="a">BK</subfield></datafield><datafield tag="HOL" ind1=" " ind2=" "><subfield code="0">sdr-miu005985885</subfield><subfield code="a">MiU</subfield><subfield code="b">SDR</subfield><subfield code="c">MIU</subfield><subfield code="p">mdp.39015079105501</subfield><subfield code="s">MIU</subfield><subfield code="1">005985885</subfield></datafield><datafield tag="974" ind1=" " ind2=" "><subfield code="b">MIU</subfield><subfield code="c">MIU</subfield><subfield code="d">20190719</subfield><subfield code="s">lit-dlps-dc</subfield><subfield code="u">mdp.39015079105501</subfield><subfield code="y">1499</subfield><subfield code="r">pd</subfield><subfield code="q">bib</subfield><subfield code="t">non-US bib date1 &lt; 1879</subfield></datafield></record></collection>